@ARTICLE{1057683, 
author={R. Gallager}, 
journal={IRE Transactions on Information Theory}, 
title={Low-density parity-check codes}, 
year={1962}, 
volume={8}, 
number={1}, 
pages={21-28}, 
keywords={Error-correcting codes;Parity checks;Channel capacity;Communication systems;Data communication;Equations;Error correction codes;Error probability;Information theory;Linear approximation;Maximum likelihood decoding;Parity check codes}, 
doi={10.1109/TIT.1962.1057683}, 
ISSN={0096-1000}, 
type = {J},
}

@ARTICLE{910578, 
author={T. J. Richardson and M. A. Shokrollahi and R. L. Urbanke}, 
journal={IEEE Transactions on Information Theory}, 
title={Design of capacity-approaching irregular low-density parity-check codes}, 
year={2001}, 
volume={47}, 
number={2}, 
pages={619-637}, 
keywords={AWGN channels;channel capacity;decoding;error detection codes;optimisation;probability;stability;Shannon capacity;additive white Gaussian noise channel;asymptotic theoretical bounds;belief-propagation decoder;binary-input AWGN channel;bipartite graph;capacity-approaching irregular codes;code design;decoding;degree distribution;degree structure optimisation;irregular bipartite graphs;low-density parity-check codes;message densities;message nodes;probability densities;simulation results;stability condition;symmetric communication channel;symmetry property;upper bound;Bipartite graph;Capacity planning;Communication channels;Decoding;Error correction codes;H infinity control;Parity check codes;Stability;Turbo codes;Upper bound}, 
doi={10.1109/18.910578}, 
ISSN={0018-9448}, 
type = {J},
}

@ARTICLE{6086762, 
author={A. R. Iyengar and M. Papaleo and P. H. Siegel and J. K. Wolf and A. Vanelli-Coralli and G. E. Corazza}, 
journal={IEEE Transactions on Information Theory}, 
title={Windowed Decoding of Protograph-Based LDPC Convolutional Codes Over Erasure Channels}, 
year={2012}, 
volume={58}, 
number={4}, 
pages={2303-2320}, 
keywords={convolutional codes;decoding;parity check codes;belief-propagation algorithm;erasure channel;low-density parity-check codes;protograph-based LDPC convolutional codes;windowed decoding scheme;Bismuth;Block codes;Convolutional codes;Decoding;Iterative decoding;Polynomials;Belief propagation;convolutional codes;decoding thresholds;erasure channels;iterative decoding;low-density parity-check codes;stopping sets;windowed decoding}, 
doi={10.1109/TIT.2011.2177439}, 
ISSN={0018-9448}, 
type = {J},
}

@ARTICLE{5089507, 
author={T. Hehn and J. B. Huber}, 
journal={IEEE Transactions on Communications}, 
title={LDPC codes and convolutional codes with equal structural delay: a comparison}, 
year={2009}, 
volume={57}, 
number={6}, 
pages={1683-1692}, 
keywords={convolutional codes;decoding;error statistics;parity check codes;LDPC codes;bit error rate;block structure;channel code;convolutional codes;data delay;decoding performance;equal structural delay;frame error rate;signal to noise ratio;structural properties;Channel coding;Code standards;Communication standards;Convolutional codes;Decoding;Delay;Digital video broadcasting;Error analysis;Parity check codes;Signal to noise ratio;Low-delay data transmission, convolutional codes, low-density parity-check codes, progressive edge growth, belief propagation.}, 
doi={10.1109/TCOMM.2009.06.080014}, 
ISSN={0090-6778}, 
type = {J},
}

@ARTICLE{5695130, 
author={S. Kudekar and T. J. Richardson and R. L. Urbanke}, 
journal={IEEE Transactions on Information Theory}, 
title={Threshold Saturation via Spatial Coupling: Why Convolutional LDPC Ensembles Perform So Well over the BEC}, 
year={2011}, 
volume={57}, 
number={2}, 
pages={803-834}, 
keywords={binary codes;channel coding;convolutional codes;error correction codes;maximum likelihood estimation;parity check codes;BEC;BP threshold;MAP threshold;belief-propagation threshold;binary erasure channel;capacity-approaching ensemble;convolutional LDPC ensemble;error correcting radius;low-density parity-check ensemble;maximum a posteriori threshold;spatially coupled code;threshold saturation;Belief-propagation (BP) decoder;EXIT curves;capacity-achieving codes;convolutional low-density parity-check (LDPC) codes;density evolution (DE);maximum a posteriori (MAP) decoder;protographs}, 
doi={10.1109/TIT.2010.2095072}, 
ISSN={0018-9448}, 
type = {J},
}

@ARTICLE{782171, 
author={A. Jimenez Felstrom and K. S. Zigangirov}, 
journal={IEEE Transactions on Information Theory}, 
title={Time-varying periodic convolutional codes with low-density parity-check matrix}, 
year={1999}, 
volume={45}, 
number={6}, 
pages={2181-2191}, 
keywords={binary codes;block codes;convolutional codes;iterative decoding;matrix algebra;BER;binary codes;bit-error rate;block codes;decoding complexity;iterative decoding algorithm;low-density parity-check matrix;time-varying periodic convolutional codes;AWGN;Binary codes;Bit error rate;Block codes;Convolutional codes;Iterative algorithms;Iterative decoding;Parity check codes;Pipelines;Viterbi algorithm}, 
doi={10.1109/18.782171}, 
ISSN={0018-9448}, 
type = {J},
}

@ARTICLE{4568447, 
author={A. E. Pusane and A. J. Feltstrom and A. Sridharan and M. Lentmaier and K. S. Zigangirov and D. J. Costello}, 
journal={IEEE Transactions on Communications}, 
title={Implementation aspects of LDPC convolutional codes}, 
year={2008}, 
volume={56}, 
number={7}, 
pages={1060-1069}, 
keywords={convolutional codes;decoding;error statistics;parity check codes;LDPC convolutional code;bit error rate;continuous pipeline decoder architecture;equal processor complexity;low-density parity-check code;partial syndrome encoder realization;storage requirement;syndrome former matrix;Bit error rate;Block codes;Convolutional codes;Delay;Iterative algorithms;Iterative decoding;Parity check codes;Performance loss;Pipelines}, 
doi={10.1109/TCOMM.2008.050519}, 
ISSN={0090-6778}, 
type = {J},
}

@ARTICLE{1377521, 
author={Xiao-Yu Hu and E. Eleftheriou and D. M. Arnold}, 
journal={IEEE Transactions on Information Theory}, 
title={Regular and irregular progressive edge-growth tanner graphs}, 
year={2005}, 
volume={51}, 
number={1}, 
pages={386-398}, 
keywords={Galois fields;block codes;graph theory;iterative decoding;linear codes;parity check codes;GF(q);Galois field;PEG algorithm;Tanner graph construction;linear-time code;low-density parity-check code;progressive edge-growth;regular-irregular LDPC code;short-block-length code;symbol-check node;Bandwidth;Entropy;Image coding;Notice of Violation;Random processes;Rate distortion theory;Signal processing;Signal processing algorithms;Speech processing;Video compression;Girth;LDPC codes over;PEG Tanner graphs;low-density parity-check (LDPC) codes;progressive edge growth (PEG)}, 
doi={10.1109/TIT.2004.839541}, 
ISSN={0018-9448}, 
type = {J},
}

@ARTICLE{Thorpe2003Low,
   author = {Thorpe, J.},
    title = {Low-Density Parity-Check (LDPC) Codes Constructed from Protographs},
  journal = {Interplanetary Network Progress Report},
     year = {2003},
   volume = {154},
    pages = {1-7},
    type = {J},
}

@ARTICLE{681360, 
author={M. C. Davey and D. MacKay}, 
journal={IEEE Communications Letters}, 
title={Low-density parity check codes over GF(q)}, 
year={1998}, 
volume={2}, 
number={6}, 
pages={165-167}, 
keywords={Galois fields;Gaussian channels;binary sequences;channel coding;decoding;error correction codes;probability;sparse matrices;GF(q);binary Gaussian channels;binary codes;binary symmetric channels;bit error probability;error-correction;low-density parity check codes;near-Shannon limit performance;probabilistic decoding algorithm;rate 1/4 code;Belief propagation;Binary codes;Channel coding;Error probability;Galois fields;Gaussian channels;Iterative decoding;Parity check codes;Signal to noise ratio;Sparse matrices}, 
doi={10.1109/4234.681360}, 
type = {J},
ISSN={1089-7798},
}

@INPROCEEDINGS{1216697, 
author={L. Barnault and D. Declercq}, 
booktitle={Proceedings of 2003 IEEE Information Theory Workshop}, 
title={Fast decoding algorithm for LDPC over GF(2q)}, 
bookauthor={ITW'2013},
year={2003}, 
pages={70-73}, 
keywords={Galois fields;computational complexity;decoding;parity check codes;LDPC codes;belief propagation;complexity;fast decoding algorithm;high order Galois fields;Belief propagation;Binary codes;Decoding;Equations;Galois fields;Parity check codes;Sparse matrices;Tensile stress;Turbo codes;Vectors}, 
doi={10.1109/ITW.2003.1216697}, 
type = {C},
}

@INPROCEEDINGS{6325232, 
author={N. ul Hassan and M. Lentmaier and G. P. Fettweis}, 
booktitle={Processings of 7th International Symposium on Turbo Codes and Iterative Information}, 
bookauthor={ISTC'2012},
title={Comparison of LDPC block and LDPC convolutional codes based on their decoding latency}, 
year={2012}, 
pages={225-229}, 
keywords={Viterbi decoding;block codes;convolutional codes;error statistics;parity check codes;LDPC block codes;LDPC convolutional codes;Viterbi decoding;belief propagation decoding;bit error rate;decoding latency;protograph based regular LDPC codes;small lifting factors;window sizes;Bit error rate;Block codes;Complexity theory;Convolutional codes;Decoding;Iterative decoding}, 
doi={10.1109/ISTC.2012.6325232}, 
ISSN={2165-4700}, 
type = {C},
}

@INPROCEEDINGS{1312606, 
author={H. Wymeersch and H. Steendam and M. Moeneclaey}, 
booktitle={Processings of 2004 IEEE International Conference on Communications}, 
bookauthor={ICC'2004},
title={Log-domain decoding of LDPC codes over GF(q)}, 
year={2004}, 
volume={2}, 
pages={772-776}, 
keywords={Galois fields;computational complexity;decoding;error statistics;matrix algebra;numerical stability;parity check codes;BER performance;LDPC codes;computational complexity;conventional sum-product decoder;log-domain decoding;Bit error rate;Computational complexity;Computational modeling;Decoding;Galois fields;Numerical stability;Parity check codes;Quantization;Sparse matrices;Sum product algorithm}, 
doi={10.1109/ICC.2004.1312606}, 
type = {C},
}

@INPROCEEDINGS{4357569, 
author={D. J. Costello and A. E. Pusane and C. R. Jones and D. Divsalar}, 
booktitle={Processings of 2007 Information Theory and Applications Workshop}, 
bookauthor={ITA'2007},
title={A Comparison of ARA- and Protograph-Based LDPC Block and Convolutional Codes}, 
year={2007}, 
pages={111-119}, 
keywords={block codes;convolutional codes;decoding;parity check codes;ARA;convolutional codes;low-density parity-check codes;pipeline decoder;pipeline decoding process;protograph-based LDPC block codes;randomly constructed codes;unwrapping process;Block codes;Computer simulation;Convolutional codes;Delay;Iterative decoding;Parity check codes;Performance gain;Pipelines;Propulsion}, 
doi={10.1109/ITA.2007.4357569}, 
type = {C},
}


@INPROCEEDINGS{6874959, 
author={L. Wei and T. Koike-Akino and D. G. M. Mitchell and T. E. Fuja and D. J. Costello}, 
booktitle={2014 IEEE International Symposium on Information Theory}, 
title={Threshold analysis of non-binary spatially-coupled LDPC codes with windowed decoding}, 
bookauthor={ISIT'2014},
year={2014}, 
pages={881-885}, 
keywords={AWGN channels;binary codes;block codes;channel coding;iterative decoding;matrix algebra;parity check codes;BEC;BIAWGNC;NB density evolution;NB extrinsic information transfer analysis;NB-SC-LDPC code;binary erasure channel;binary-input additive white Gaussian noise channel;block code ensembles;iterative decoding threshold performance;near-capacity thresholds;non-binary spatially-coupled LDPC codes;parity-check matrix;threshold analysis;windowed decoding;Algorithm design and analysis;Block codes;Complexity theory;Decoding;Iterative decoding}, 
doi={10.1109/ISIT.2014.6874959}, 
ISSN={2157-8095},
type = {C},
}


@ARTICLE{5695133, 
author={A. E. Pusane and R. Smarandache and P. O. Vontobel and D. J. Costello}, 
journal={IEEE Transactions on Information Theory}, 
title={Deriving Good LDPC Convolutional Codes from LDPC Block Codes}, 
year={2011}, 
volume={57}, 
number={2}, 
pages={835-857}, 
keywords={block codes;convolutional codes;parity check codes;LDPC block code;graph-cover-based method;low density parity check convolutional code;time invariant code;time varying LDPC convolutional code;Block codes;convolutional codes;low-density parity-check (LDPC) codes;message-passing iterative decoding;pseudocodewords;pseudoweights;quasi-cyclic codes;unwrapping;wrapping}, 
doi={10.1109/TIT.2010.2095211}, 
ISSN={0018-9448}, 
type = {J},
}